@Misc{pylint,
author =   {Stephane Popinet},
title =    {{GTS}: {GNU} {Triangulated} {Surface} library},
howpublished = {\url{http://gts.sourceforge.net/}},
year = {2000--2004}
}